@misc{torvalds_what_nodate,
	title = {What would you like to see most in minix?},
	url = {https://groups.google.com/g/comp.os.minix/c/dlNtH7RRrGA/m/SwRavCzVE7gJ},
	urldate = {2023-09-05},
	author = {Torvalds, Linus},
	month = aug,
	year = {1991},
}

@misc{shulyupin_linux_2018,
	title = {Linux kernel map},
	url = {https://github.com/makelinux/linux_kernel_map/tree/main},
	urldate = {2023-09-25},
	author = {Shulyupin, Costa},
	month = may,
	year = {2018},
}

@misc{xen_contributors_xen_nodate,
	title = {Xen},
	url = {https://xenbits.xen.org/gitweb/?p=xen.git;a=summary},
	urldate = {2023-09-25},
	author = {{xen contributors}},
}

@misc{vbox_contributors_virtualbox_nodate,
	title = {{VirtualBox}},
	url = {https://www.virtualbox.org/svn/vbox/trunk},
	urldate = {2023-09-25},
	author = {{VirtualBox contributors}},
}

@misc{qemu_contributors_qemu_nodate,
	title = {{QEMU}},
	url = {https://gitlab.com/qemu-project/qemu},
	urldate = {2023-09-25},
	author = {{QEMU contributors}},
}

@misc{laniel_qemu_2018,
	title = {{QEMU} scripts},
	url = {https://gitlab.com/eiffel/qemu-scripts},
	urldate = {2023-09-25},
	author = {Laniel, Francis},
	month = dec,
	year = {2018},
}

@misc{noauthor_introduction_nodate,
	title = {Introduction to {KVM} {Virtualization}},
	url = {https://documentation.suse.com/sles/12-SP5/html/SLES-all/cha-kvm-intro.html},
	journal = {SUSE Linux Enterprise Server Documentation},
}

@article{popek_formal_1974,
	title = {Formal requirements for virtualizable third generation architectures},
	volume = {17},
	issn = {0001-0782, 1557-7317},
	url = {https://dl.acm.org/doi/10.1145/361011.361073},
	doi = {10.1145/361011.361073},
	language = {en},
	number = {7},
	urldate = {2023-09-05},
	journal = {Communications of the ACM},
	author = {Popek, Gerald J. and Goldberg, Robert P.},
	month = jul,
	year = {1974},
	pages = {412--421},
}
