@misc{cilium_contributors_bpf2go_nodate,
	title = {bpf2go},
	url = {https://github.com/cilium/ebpf/blob/c95b3d3640c9fef72247d33b807f48eaba83e91f/cmd/bpf2go/README.md},
	urldate = {2022-04-21},
	author = {{cilium contributors}},
}

@misc{linux_kernel_contributors_arm64_2022,
	title = {arm64: {Do} not forget syscall when starting a new thread.},
	url = {https://git.kernel.org/pub/scm/linux/kernel/git/arm64/linux.git/commit/?id=de6921856f99},
	urldate = {2022-08-29},
	author = {{linux kernel contributors} and Laniel, Francis},
	month = jun,
	year = {2022},
}

@misc{inspektor_gadget_contributors_pkggadgets_2022,
	title = {pkg/gadgets: {Use} kprobe for execsnoop on arm64.},
	url = {https://github.com/kinvolk/inspektor-gadget/commit/243759db6b19bcef5b7b235eef93206aecc24b66},
	urldate = {2022-08-29},
	author = {{inspektor gadget contributors} and Laniel, Francis},
	month = jul,
	year = {2022},
}

@misc{cilium_contributors_bpf2go_nodate-1,
	title = {bpf2go architectures},
	url = {https://github.com/cilium/ebpf/blob/c95b3d3640c9fef72247d33b807f48eaba83e91f/cmd/bpf2go/main.go#L44},
	urldate = {2022-04-21},
	author = {{cilium contributors}},
}

@misc{levin_patch_2022,
	title = {[{PATCH} {AUTOSEL} 5.10 02/29] arm64: {Do} not forget syscall when starting a new thread.},
	url = {https://lore.kernel.org/linux-arm-kernel/20220808013741.316026-2-sashal@kernel.org/},
	urldate = {2022-04-21},
	author = {Levin, Sasha},
	month = aug,
	year = {2022},
}


@misc{inspektor_gadget_contributors_add_2022,
	title = {Add arm64 support for inspektor-gadget},
	url = {https://github.com/kinvolk/inspektor-gadget/pull/441},
	urldate = {2022-08-29},
	author = {{inspektor gadget contributors} and Laniel, Francis},
	month = jul,
	year = {2022},
}
