
@misc{gregg_learn_2019,
	title = {Learn {eBPF} {Tracing}: {Tutorial} and {Examples}},
	url = {https://www.brendangregg.com/blog/2019-01-01/learn-ebpf-tracing.html},
	journal = {Brendan Gregg's Blog},
	author = {Gregg, Brendan},
	month = jan,
	year = {2019},
}

@misc{libbpf_contributors_libbpf_nodate,
	title = {libbpf},
	url = {https://libbpf.readthedocs.io/en/latest/libbpf_overview.html},
	author = {{libbpf contributors}},
}

@misc{cilium_contributors_ciliumebpf_nodate,
	title = {cilium/ebpf},
	url = {https://github.com/cilium/ebpf},
	author = {{cilium contributors}},
}

@misc{song_selftestsbpf_2020,
	title = {selftests/bpf: {Implement} sample tcp/tcp6 bpf\_iter programs},
	url = {https://github.com/torvalds/linux/commit/2767c97765cb3d9b54c8e62b468e55cc56854a66},
	author = {Song, Yonghong},
	month = jun,
	year = {2020},
}

@misc{laniel_pkggadgets_2022,
	title = {pkg/gadgets: {Adapt} biolatency {CO}-{RE} to our needs.},
	url = {https://github.com/inspektor-gadget/inspektor-gadget/commit/078976d5b52835976f16116260047d7c127da7f0},
	author = {Laniel, Francis},
	month = jun,
	year = {2022},
}

@misc{laniel_pkggadgets_2023,
	title = {pkg/gadgets: {Use} {LINUX}\_KERNEL\_VERSION for biolatency {eBPF} code.},
	url = {https://github.com/inspektor-gadget/inspektor-gadget/commit/13b6c4f4514cb412566c254fe0c5611deb193a90},
	author = {Laniel, Francis},
	month = may,
	year = {2023},
}

@misc{cilium_contributors_ciliumebpf_nodate-1,
	title = {cilium/ebpf 0.11.0},
	url = {https://github.com/cilium/ebpf/releases/tag/v0.11.0},
	author = {{cilium contributors}},
}
