
@misc{minikube_contributors_minikube_nodate,
	title = {minikube repository},
	url = {https://github.com/kubernetes/minikube},
	author = {{minikube contributors}},
	urldate = {2022-04-21},
}

@misc{minikube_contributors_drivers_2021,
	title = {Drivers},
	url = {https://minikube.sigs.k8s.io/docs/drivers/},
	titleaddon = {minikube documentation},
	author = {{minikube contributors}},
	urldate = {2022-04-21},
	date = {2021-11-10},
}

@misc{buildroot_contributors_buildroot_2022,
	title = {Buildroot},
	url = {https://buildroot.org/},
	titleaddon = {Buildroot website},
	author = {{buildroot contributors}},
	date = {2022-04-21},
}

@misc{starovoitov_patch_2020,
	title = {[{PATCH} v7 bpf-next 1/3] bpf, capability: Introduce {CAP}\_BPF},
	url = {https://lore.kernel.org/bpf/20200513230355.7858-2-alexei.starovoitov@gmail.com/},
	abstract = {Commit which introduces {CAP}\_BPF.},
	type = {E-mail},
	author = {Starovoitov, Alexei},
	urldate = {2022-04-21},
	date = {2020-05-13},
}

@misc{zacarias_buildroot_2011,
	title = {[Buildroot] [git commit] qemu\_x86\_64: add new qemu defconfig},
	url = {3e974ba2d218df614877270431ee1043503bc2d5},
	abstract = {Mail which adds commit to buildroot master.},
	type = {E-mail},
	author = {Zacarias, Gustavo and Korsgaard, Peter},
	urldate = {2022-04-21},
	date = {2011-12-01},
}

@misc{laniel_buildroot_2022,
	title = {[Buildroot] [git commit] package/sysdig: bump version to 0.27.1.},
	url = {https://lore.kernel.org/buildroot/20220409143154.0046D83761@busybox.osuosl.org/},
	type = {E-mail},
	author = {Laniel, Francis and Vandecappelle, Arnout},
	urldate = {2022-04-21},
	date = {2022-04-09},
}

@misc{laniel_buildroot_2022-1,
	title = {[Buildroot] [git commit] package/pahole: new host package},
	url = {https://lore.kernel.org/buildroot/20220113213356.3AB1B828C8@busybox.osuosl.org/},
	type = {E-mail},
	author = {Laniel, Francis and Petazzoni, Thomas},
	urldate = {2022-04-21},
	date = {2022-01-13},
}

@misc{laniel_use_2021,
	title = {Use kernel 5.10 for minikube.iso.},
	url = {https://github.com/kubernetes/minikube/pull/12707},
	titleaddon = {github.com},
	author = {Laniel, Francis},
	urldate = {2022-04-21},
	date = {2021-10-13},
}

@misc{minikube_contributors_minikube_2021,
	title = {minikube 5.10},
	url = {https://github.com/eiffel-fl/minikube/releases/tag/v42-prerelease},
	author = {{minikube contributors} and Laniel, Francis},
	urldate = {2022-04-21},
	date = {2021-12-06},
}
