
@misc{inspektor_gadget_contributors_inspektor_nodate,
	title = {Inspektor {Gadget}},
	url = {https://github.com/inspektor-gadget/inspektor-gadget/},
	urldate = {2022-08-29},
	author = {{Inspektor Gadget contributors}},
}

@misc{amazon_quest_ce_nodate,
	title = {Qu'est-ce que le cloud computing ?},
	url = {https://aws.amazon.com/fr/what-is-cloud-computing/},
	author = {{Amazon}},
}

@misc{docker_what_nodate,
	title = {What is a {Container}?},
	url = {https://www.docker.com/resources/what-container},
	author = {{Docker}},
}

@misc{rami_rosen_namespace_2016,
	address = {Seville, Spain},
	title = {Namespace and cgroups, the basis of {Linux} containers},
	url = {https://www.netdevconf.org/1.1/proceedings/slides/rosen-namespaces-cgroups-lxc.pdf},
	author = {{Rami Rosen}},
	month = feb,
	year = {2016},
}

@misc{kerrisk_lce_2012,
	title = {{LCE}: {The} failure of operating systems and how we can fix it},
	url = {https://lwn.net/Articles/524952/},
	author = {Kerrisk, Michael},
	month = nov,
	year = {2012},
	note = {Publication Title: LWN},
}

@misc{kerrisk_namespaces_2013,
	title = {Namespaces in operation, part 1: namespaces overview},
	url = {https://lwn.net/Articles/531114/},
	author = {Kerrisk, Michael},
	month = jan,
	year = {2013},
	note = {Publication Title: LWN},
}

@misc{hiroyu_cgroup_2008,
	title = {Cgroup {And} {Memory} {Resource} {Controller}},
	url = {https://www.static.linuxfound.org/jp_uploads/seminar20081119/CgroupMemcgMaster.pdf},
	author = {Hiroyu, Kamezawa},
	month = nov,
	year = {2008},
}

@misc{kubernetes_developers_quest-ce-que_2022,
	title = {Qu'est-ce-que {Kubernetes} ?},
	url = {https://kubernetes.io/fr/docs/concepts/overview/what-is-kubernetes/},
	journal = {Kubertes documentation},
	author = {{Kubernetes developers}},
	month = jun,
	year = {2022},
}

@misc{azure_developers_service_nodate,
	title = {Service {Azure} {Kubernetes} ({AKS})},
	url = {https://azure.microsoft.com/fr-fr/products/kubernetes-service/},
	journal = {Azure blog},
	author = {{Azure developers}},
}

@misc{amazon_developers_amazon_nodate,
	title = {Amazon {Elastic} {Kubernetes} {Service} ({EKS})},
	url = {https://aws.amazon.com/fr/eks/},
	journal = {Amazon blog},
	author = {{Amazon developers}},
}

@misc{gregg_learn_2019,
	title = {Learn {eBPF} {Tracing}: {Tutorial} and {Examples}},
	url = {https://www.brendangregg.com/blog/2019-01-01/learn-ebpf-tracing.html},
	journal = {Brendan Gregg's Blog},
	author = {Gregg, Brendan},
	month = jan,
	year = {2019},
}

@misc{ebpf_contributors_what_nodate,
	title = {What is {eBPF}?},
	url = {https://ebpf.io/what-is-ebpf},
	urldate = {2023-01-06},
	journal = {eBPF Documentation},
	author = {{eBPF contributors}},
}
